@online{solidity-doc,
    author = "Ethereum community",
    title  = "Solidity - dokumentacja",
    url    = "https://solidity.readthedocs.io/en/v0.4.24/",
    date   = {2016}
}
@online{nazwa-pl-utrata-danych,
    author = "Redakcja niebezpiecznik.pl",
    title  = "Awaria w Nazwa.pl – klienci stracili dane, także z backupów",
    url    = "https://niebezpiecznik.pl/post/awaria-w-nazwa-pl-klienci-stracili-dane-takze-z-backupow/",
    date   = {2017-01-18}
}
@online{ethereum-doc,
    author = "Ethereum community",
    title  = "Ethereum - dokumentacja",
    url    = "http://www.ethdocs.org/en/latest/",
    date   = {2016}
}
@online{proof-of-stake,
    author = "Vitalik Buterin",
    title  = "Proof of Stake FAQ",
    url    = "https://github.com/ethereum/wiki/wiki/Proof-of-Stake-FAQ",
    date   = {2016-09-10}
}
@online{teatr-wspolczesny-utrata-danych,
    author = "Marcin Maj",
    title  = "Teatr Współczesny zhackowany? Niestety to nie happening",
    url    = "https://niebezpiecznik.pl/post/teatr-wspolczesny-zhackowany-niestety-to-nie-happening",
    date   = {2018-03-22}
}
@online{wyciek-danych-studentow,
    author = "Marcin Maj",
    title  = "Wyszukiwarki studentów, publiczna lista usterek i niebezpieczne punkty ksero, czyli uczelnianych wpadek cz. IV",
    url    = "https://niebezpiecznik.pl/post/wyszukiwarki-studentow-publiczna-lista-usterek-i-niebezpieczne-punkty-ksero-czyli-uczelnianych-wpadek-cz-iv/",
    date   = {2018-05-08}
}
@online{utrata-dokumentacji,
    author = "Gazeta Podatkowa",
    title  = "Skutki utraty dokumentacji podatkowej",
    url    = "http://www.ordynacjapodatkowa.pl/artykul,1679,5273,skutki-utraty-dokumentacji-podatkowej.html",
    date   = {2013-10-17}
}
@online{dane-dzieci,
    author = "Redakcja niebezpiecznik.pl",
    title  = "Jak pozyskać dane osobowe i adresy dzieci z twojej okolicy?",
    url    = "https://niebezpiecznik.pl/post/jak-pozyskac-dane-osobowe-i-adresy-dzieci-z-twojej-okolicy",
    date   = {2016-05-10}
}
@online{liczby-losowe,
    author = "Arseny Reutov",
    title  = "Predicting Random Numbers in Ethereum Smart Contracts",
    url    = "https://blog.positive.com/predicting-random-numbers-in-ethereum-smart-contracts-e5358c6b8620",
    date   = {2018-02-01}
}
